[gd_scene load_steps=10 format=2]

[ext_resource path="res://src/Levels/MyOwnEngine.gd" type="Script" id=1]
[ext_resource path="res://src/Levels/TileMap.tscn" type="PackedScene" id=2]
[ext_resource path="res://MyBaseMovement.gd" type="Script" id=3]
[ext_resource path="res://assets/grab_box.png" type="Texture" id=4]
[ext_resource path="res://src/Levels/PSensor.gd" type="Script" id=5]
[ext_resource path="res://src/Levels/MyBase2.gd" type="Script" id=6]

[sub_resource type="CapsuleShape2D" id=1]

[sub_resource type="CircleShape2D" id=2]

[sub_resource type="CircleShape2D" id=3]

[node name="Level1" type="Node2D"]
script = ExtResource( 1 )

[node name="Control" type="Control" parent="."]
margin_right = 763.0
margin_bottom = 340.0

[node name="DebugStr" type="RichTextLabel" parent="Control"]
margin_left = 56.0
margin_top = 83.0
margin_right = 325.0
margin_bottom = 193.0

[node name="TileMap" parent="." instance=ExtResource( 2 )]
tile_data = PoolIntArray( 0, 536870915, 0, 196624, 536870913, 0, 262144, 1, 0, 262148, 1, 0, 262150, 1, 0, 262160, 536870913, 0, 327680, 1, 0, 327696, 536870913, 0, 393216, 1, 0, 393224, 1, 0, 393232, 536870913, 0, 458752, 1, 0, 458759, 1, 0, 458760, 1, 0, 458767, 1, 0, 458768, 536870913, 0, 524288, 1, 0, 524289, 1, 0, 524290, 1, 0, 524291, 1, 0, 524292, 1, 0, 524293, 1, 0, 524294, 1, 0, 524295, 1, 0, 524296, 1, 0, 524297, 1, 0, 524298, 1, 0, 524299, 1, 0, 524300, 1, 0, 524301, 1, 0, 524302, 1, 0, 524303, 1, 0, 524304, 536870913, 0 )

[node name="Cam2D" type="Camera2D" parent="."]
position = Vector2( 251, 377 )
current = true

[node name="MyBase" type="KinematicBody2D" parent="."]
editor/display_folded = true
position = Vector2( 350, 157 )
collision_mask = 8
script = ExtResource( 3 )

[node name="MySprite" type="Sprite" parent="MyBase"]
visible = false
scale = Vector2( 0.625, 1.3125 )
texture = ExtResource( 4 )

[node name="CapSensor" type="CollisionShape2D" parent="MyBase"]
modulate = Color( 1, 0, 0, 1 )
shape = SubResource( 1 )
disabled = true

[node name="PSensor" type="Area2D" parent="MyBase"]
position = Vector2( 0, 32 )
input_pickable = false
priority = 10.0
monitorable = false
collision_mask = 8
script = ExtResource( 5 )

[node name="SensorCollCircle" type="CollisionShape2D" parent="MyBase/PSensor"]
shape = SubResource( 2 )

[node name="BottomRay" type="RayCast2D" parent="MyBase"]
position = Vector2( 0, 20 )
cast_to = Vector2( 0, 12 )
collision_mask = 8
collide_with_areas = true

[node name="MyBase2" type="KinematicBody2D" parent="."]
position = Vector2( 140, 170 )
script = ExtResource( 6 )

[node name="CS2D" type="CollisionShape2D" parent="MyBase2"]
modulate = Color( 1, 0, 0, 1 )
self_modulate = Color( 1, 0, 0, 1 )
shape = SubResource( 3 )
[connection signal="area_shape_entered" from="MyBase/PSensor" to="MyBase" method="_on_PSensor_area_shape_entered"]
[connection signal="body_entered" from="MyBase/PSensor" to="MyBase" method="_on_PSensor_body_entered"]
[connection signal="body_shape_entered" from="MyBase/PSensor" to="MyBase" method="_on_PSensor_body_shape_entered"]
